@ONLINE
	{trieste,
	TITLE = "{Trieste Meeting Notes}",
	AUTHOR="Juckes, Martin",
	URL = "https://docs.google.com/document/d/1rRXn4pyOlb95K9mYqxpIdJaxDf-xoZrIlc9XlWxn4HA",
	URLYEAR = 01032014
	}
@ONLINE
	{cordexfacetsdoc,
	TITLE = "{CORDEX: ESGF Search Facet Mappings}",
	AUTHOR="Juckes, Martin",
	URL = "https://github.com/snic-nsc/datanode-mgr-doc/raw/master/ro/cordexSearchFacets_v5_20140210.doc",
	URLYEAR = 01032014
	}
@ONLINE
	{cordexarchivespecs,
	TITLE = "{CORDEX Archive Design}",
	AUTHOR="{O.B. Christensen} and {W.J. Gutowski} and {G. Nikulin} and {S.Legutke}",
	URL = "https://verc.enes.org/data/projects/documents/cordex-archive-design",
	URLYEAR = 01032014
	}
	
